@inproceedings{minisat,
	title = {MiniSat v1.13 - A SAT Solver with Conflict-Clause Minimization},
	author = {Niklas Sorensson and Niklas Een},
	url = {http://minisat.se/downloads/MiniSat_v1.13_short.pdf},
	booktitle = {SAT 2005},
	year = {2005},
}

@misc{cryptoms,
	url={https://www.msoos.org/},
	title={Wonderings of a SAT geek},
	author={Mate Soos},
	year={2019},
	month={Dec},
  howpublished = {\url{http://www.msoos.org/}},
  note = {Accessed: 2019-010},
}

@inproceedings{glucose,
  TITLE = {{Glucose 2.1: Aggressive - but Reactive - Clause Database Management, Dynamic Restarts}},
  AUTHOR = {Audemard, Gilles and Simon, Laurent},
  URL = {https://hal.inria.fr/hal-00845494},
  BOOKTITLE = {{International Workshop of Pragmatics of SAT (Affiliated to SAT)}},
  ADDRESS = {Trento, Italy},
  YEAR = {2012},
  MONTH = Jun,
}

@inproceedings{cnf,
  title = {Satisfiability Suggested Format},
  url = {https://www.domagoj-babic.com/uploads/ResearchProjects/Spear/dimacs-cnf.pdf},
  year = {1993},
  month = May,
  address = {New Brunswick, New Jersey},
  note = {Available at \url{https://www.domagoj-babic.com/uploads/ResearchProjects/Spear/dimacs-cnf.pdf}},
}
